<?xml version="1.0" encoding="UTF-8"?><collection xmlns="http://www.loc.gov/MARC21/slim"><record><leader>00619nam--2200205-u-4500</leader><controlfield tag="001">000050636</controlfield><controlfield tag="002">20161230</controlfield><controlfield tag="005">20161230201048</controlfield><controlfield tag="008">080226s1000------------r-----000-0-eng-d</controlfield><datafield ind1=" " ind2=" " tag="020"><subfield code="a">0883189119</subfield></datafield><datafield ind1=" " ind2=" " tag="040"><subfield code="a">IFIN-HH</subfield></datafield><datafield ind1=" " ind2=" " tag="080"><subfield code="a">519.72:33:57</subfield></datafield><datafield ind1="1" ind2=" " tag="100"><subfield code="a">Ayres,Robert U</subfield></datafield><datafield ind1="1" ind2="0" tag="245"><subfield code="a">Information Entropy and Progress</subfield><subfield code="b">A New Evolutionary Paradigm</subfield><subfield code="c">Robert U. Ayres</subfield></datafield><datafield ind1=" " ind2=" " tag="260"><subfield code="a">New York</subfield><subfield code="b">American Institute of Physics</subfield><subfield code="c">1994</subfield></datafield><datafield ind1=" " ind2=" " tag="300"><subfield code="a">301 p</subfield></datafield><datafield ind1=" " ind2=" " tag="504"><subfield code="a">Includes Bibliographical References and Index</subfield></datafield><datafield ind1=" " ind2="4" tag="650"><subfield code="a">Concepts,Definitions and Analogies</subfield></datafield><datafield ind1=" " ind2=" " tag="852"><subfield code="a">81999</subfield><subfield code="c">001.2</subfield></datafield><datafield ind1=" " ind2=" " tag="CAT"><subfield code="a">Sys</subfield><subfield code="c">20110105</subfield><subfield code="h">090301</subfield></datafield></record></collection>